<record><leader>00000cas a22000007a 4500</leader><controlfield tag="001">17063639</controlfield><controlfield tag="008">871125d18561856ohuir ne      0    0eng d</controlfield><datafield ind1=" " ind2=" " tag="010"><subfield code="a">sn 87075235 </subfield></datafield><datafield ind1=" " ind2=" " tag="040"><subfield code="a">ONP</subfield><subfield code="b">eng</subfield><subfield code="c">ONP</subfield><subfield code="d">OCLCQ</subfield></datafield><datafield ind1=" " ind2=" " tag="042"><subfield code="a">msc</subfield></datafield><datafield ind1="0" ind2=" " tag="130"><subfield code="a">Marietta Republican (Marietta, Ohio : 1856)</subfield></datafield><datafield ind1="1" ind2="4" tag="245"><subfield code="a">The Marietta Republican.</subfield></datafield><datafield ind1=" " ind2=" " tag="260"><subfield code="a">Marietta, Ohio :</subfield><subfield code="b">A.W. McCormick,</subfield><subfield code="c">1856-</subfield></datafield><datafield ind1=" " ind2=" " tag="310"><subfield code="a">Triweekly</subfield></datafield><datafield ind1="0" ind2=" " tag="362"><subfield code="a">Vol. 1, no. 1 (Aug. 20, 1856)-</subfield></datafield><datafield ind1="1" ind2=" " tag="362"><subfield code="a">Ceased in Nov. 1856.</subfield></datafield><datafield ind1=" " ind2=" " tag="580"><subfield code="a">Weekly ed.: Marietta Republican (Marietta, Ohio : 1849).</subfield></datafield><datafield ind1=" " ind2=" " tag="752"><subfield code="a">United States</subfield><subfield code="b">Ohio</subfield><subfield code="c">Washington</subfield><subfield code="d">Marietta.</subfield></datafield><datafield ind1="1" ind2=" " tag="775"><subfield code="t">Marietta Republican (Marietta, Ohio : 1849)</subfield><subfield code="w">(DLC)sn 84028539</subfield></datafield></record>